@Book{xie2015,
  title = {Dynamic Documents with {R} and knitr},
  author = {Yihui Xie},
  publisher = {Chapman and Hall/CRC},
  address = {Boca Raton, Florida},
  year = {2015},
  edition = {2nd},
  note = {ISBN 978-1498716963},
  url = {http://yihui.org/knitr/},
}

@book{perlin2018processamento,
  title={Processamento e An{\'a}lise de Dados Financeiros e Econ{\^o}micos com o R},
  author={Perlin, M.S.},
  isbn={9788592243562},
  url={https://books.google.com.br/books?id=uxyluAEACAAJ},
  year={2018},
  publisher={Cl{\'o}vis Nicacio}
}

@Manual{WickhamandBryan2019,
    title = {readxl: Read Excel Files},
    author = {Hadley Wickham and Jennifer Bryan},
    year = {2019},
    note = {R package version 1.3.1},
    url = {https://CRAN.R-project.org/package=readxl},
  }

@Manual{DragulescuandArendt2007,
    title = {xlsx: Read, Write, Format Excel 2007 and Excel 97/2000/XP/2003 Files},
    author = {Adrian Dragulescu and Cole Arendt},
    year = {2020},
    note = {R package version 0.6.5},
    url = {https://CRAN.R-project.org/package=xlsx},
  }

@Manual{MiraiSolutionsGmbH2020,
    title = {XLConnect: Excel Connector for R},
    author = {{Mirai Solutions GmbH}},
    year = {2020},
    note = {R package version 1.0.1},
    url = {https://CRAN.R-project.org/package=XLConnect},
  }

@book{Kabacoff2015R,
  added-at = {2019-03-01T00:11:50.000+0100},
  author = {Kabacoff, Robert I.},
  biburl = {https://www.bibsonomy.org/bibtex/2232b9a52cc4b78ae5828dfa8384079d8/gdmcbain},
  citeulike-article-id = {14595538},
  citeulike-attachment-1 = {R_in_Action_Second_Edition.pdf; /pdf/user/gdmcbain/article/14595538/1137658/R_in_Action_Second_Edition.pdf; a75600ac99f432d144055f44b841a7a868044ffc},
  citeulike-linkout-0 = {http://www.worldcat.org/isbn/9781617291388},
  citeulike-linkout-1 = {http://books.google.com/books?vid=ISBN9781617291388},
  citeulike-linkout-2 = {http://www.amazon.com/gp/search?keywords=9781617291388\&index=books\&linkCode=qs},
  citeulike-linkout-3 = {http://www.librarything.com/isbn/9781617291388},
  citeulike-linkout-4 = {http://www.worldcat.org/oclc/915039455},
  comment = {(private-note)command\'{e} de manning.com 2018-05-29, re\c{c}u 06-05},
  edition = {Second},
  file = {R_in_Action_Second_Edition.pdf},
  interhash = {6e499133ad9231d88c37b7bad05290f2},
  intrahash = {232b9a52cc4b78ae5828dfa8384079d8},
  isbn = {9781617291388},
  keywords = {62-04-statistics-explicit-machine-computation-and-programs 62-09-statistics-graphical-methods 65s05-numerical-analysis-graphical-methods r 62-08-computational-methods-for-problems-for-statistics},
  posted-at = {2018-05-29 02:04:55},
  priority = {3},
  publisher = {Manning},
  timestamp = {2020-01-14T22:55:08.000+0100},
  title = {{R in Action}},
  url = {http://www.worldcat.org/isbn/9781617291388},
  year = 2015
}

@Manual{anderson2015,
  title = {Exhumation by debris flows in the 2013 Colorado Front Range storm},
  author = { S.W. Anderson and S.P. Anderson and R.S Anderson},
  journal = {Geology},
  year = {2015},
  pages = {31,94},
  url = {https://www.R-project.org/},
}

@Manual{RCoreTeam,
  title = {R Data importo/export},
  author = {RCoreTeam},
  journal = {cran},
  year = {2020},
  url = {https://cran.r-project.org/doc/manuals/R-data.pdf},
}

@book{melloandpeternelli2013,
  title = {Conhecendo o R: Uma visão mais que estatística},
  author = {Mello, M.P. and Peternelli, L. A.},
  edition = {First},
  isbn={9788572694957},
  year={2013},
  publisher={Editora UFV}
}

@book{RogerPeng2020Exp,
  title = {Exploratory Data Analysis with R},
  author = {Peng, R. D.},
  year={2020},
  url={https://bookdown.org/rdpeng/exdata/},
  publisher={bookdown}
}

@book{RogerPeng2020RPro,
  title = {R Programming for Data Science},
  author = {Peng, R. D.},
  year={2020},
  url={https://bookdown.org/rdpeng/rprogdatascience/},
  publisher={bookdown}
}

@book{Chang2020,
  title = {R Graphics Cookbook},
  author = {Chang, W.},
  edition = {Second},
  year={2020},
  url={https://r-graphics.org/},
  publisher={O'Reilly}
}

@Manual{VenablesSmithRTeamCore2017,
  title = {An Introduction to R},
  author = {Venables,W. N., Smith, D. M.,  R Core Team},
  year={2020},
  url={https://colinfay.me/intro-to-r/},
  publisher={bookdown}
}

@book{Murrel2011,
  title = {R Graphics},
  author = {Murrel, P.},
  edition = {Second},
  year={2011},
  url={https://www.stat.auckland.ac.nz/~paul/RG2e/},
  publisher={Chapman & Hall/CRC}
}

@Manual{WickhamandGrolemund2019,
    title = {R para Data Science:  importe, arrume, transforme, visualize e modele dados},
    author = {Wickham, H. and Grolemund, G.},
    edition = {First},
  isbn={9788550803241},
  year={2019},
  publisher={Alta Books}
}

@Manual{Neth2020,
  title = {Data Science for Psychologists},
  author = {Neth, H.},
  year={2020},
  url={https://bookdown.org/hneth/ds4psy/},
  publisher={bookdown}
}

@book{kassambara2019ggplot2,
  title={GGPlot2 Essentials: Great Data Visualization in R},
  author={Kassambara, A.},
  isbn={9781708503208},
  url={https://books.google.com.br/books?id=McyXzQEACAAJ},
  year={2019},
  publisher={Amazon Digital Services LLC - KDP Print US}
}

@Manual{rmarkdownDynamicDocuments,
    title = {rmarkdown: Dynamic Documents for R},
    author = {JJ Allaire and Yihui Xie and Jonathan McPherson and
      Javier Luraschi and Kevin Ushey and Aron Atkins and Hadley
      Wickham and Joe Cheng and Winston Chang and Richard Iannone},
    year = {2020},
    note = {R package version 2.5},
    url = {https://github.com/rstudio/rmarkdown},
  }
  
@Book{RMarkdownTheDefinitiveGuide,
    title = {R Markdown: The Definitive Guide},
    author = {Yihui Xie and J.J. Allaire and Garrett Grolemund},
    publisher = {Chapman and Hall/CRC},
    address = {Boca Raton, Florida},
    year = {2018},
    note = {ISBN 9781138359338},
    url = {https://bookdown.org/yihui/rmarkdown},
  }

@Book{RMarkdownCookbook,
    title = {R Markdown Cookbook},
    author = {Yihui Xie and Christophe Dervieux and Emily Riederer},
    publisher = {Chapman and Hall/CRC},
    address = {Boca Raton, Florida},
    year = {2020},
    note = {ISBN 9780367563837},
    url = {https://bookdown.org/yihui/rmarkdown-cookbook},
  }

@book{knitr,
   title =     {Dynamic Documents with R and knitr},
   author =    {Yihui Xie},
   publisher = {Chapman and Hall/CRC},
   isbn =      {1498716962,9781498716963, 9781498716970},
   year =      {2015},
   series =    {Chapman & Hall/CRC The R Series},
   edition =   {2nd},
   volume =    {},
   url =       {http://gen.lib.rus.ec/book/index.php?md5=dac125f250d388d76db3c95844923767}
}

@book{Navarro2013,
   title =     {Learning Statistics with R: A tutorial for psychology students and other beginners},
   author =    {Navarro, D.},
   publisher = {bookdown},
   isbn =      {},
   year =      {2013},
   series =    {},
   edition =   {},
   volume =    {},
   Version =   {0.6.1},	
   url =       {https://bookdown.org/ekothe/navarro26/preface.html}
}

@book{Yamamoto2020,
   title =     {Estatística, análise e interpolação de dados geoespaciais},
   author =    {Yamamoto, J. K.},
   publisher = {Gráfica Paulos},
   isbn =      {9786599072727},
   year =      {2020},
   series =    {},
   address = {São Paulo},
   edition =   {1st},
   volume =    {},
   Version =   {},	
   url =       {}
}

@book{Freire2020,
   title =     {Bios estatística básica},
   author =    {Freire, S.M.},
   publisher = {Creative Commons},
   isbn =      {},
   year =      {2020},
   series =    {},
   address = {},
   edition =   {1st},
   volume =    {},
   Version =   {},	
   url =       {http://www.lampada.uerj.br/arquivosdb/_book/bioestatisticaBasica.html}
}

@book{levin2012,
  title={Estatistica aplicada a ciencias humanas},
  author={Levin, J. and Fox, J.A. and Forde, D.R.},
  isbn={9788571430812},
  url={},
  year={2012},
  publisher={Pearson}
}

@book{Pires2018,
  title={Estatística não paramétrica básica no software R: uma abordagem por resolução de problemas},
  author={Pires, M.C. and Castro, M.B. and Lieber, Z.V and Menezes, T.P. and Aoki, R.Y. da S.},
  isbn={},
  url={http://www.est.ufmg.br/portal/arquivos/rts/RTE_02_2018.pdf},
  year={2018},
  publisher={UFMG}
}

@book{Midway2021,
  title={Data Analysis in R},
  author={Midway, S.},
  isbn={},
  url={https://bookdown.org/steve_midway/DAR/},
  year={2020},
  publisher={bookdown}
}

@book{Dunn2018,
   title =     {Generalized Linear Models With Examples in R},
   author =    {Peter K. Dunn, Gordon K. Smyth},
   publisher = {Springer},
   isbn =      {9781441901170},
   year =      {2018},
   series =    {Springer Texts in Statistics},
   edition =   {},
   volume =    {},
   url =       {}
}

@book{Faraway2017,
   title =     {Extending the Linear Model with R. Generalized Linear, Mixed Effects and Nonparametric Regression Models},
   author =    {Julian J. Faraway},
   publisher = {CRC},
   isbn =      {978-1-4987-2098-4},
   year =      {2017},
   series =    {},
   edition =   {2nd},
   volume =    {},
   url =       {}
}

@book{Faraway2015,
   title =     {Linear models with R},
   author =    {Faraway, Julian James},
   publisher = {CRC Press},
   isbn =      {9781439887332,1439887330},
   year =      {2015},
   series =    {Texts in statistical science},
   edition =   {Second edition},
   volume =    {},
   url =       {}
}

@book{kuhn2019,
   title =     {The caret package},
   author =    {kuhn, Max},
   publisher = {bookdown},
   isbn =      {},
   year =      {2019},
   series =    {},
   edition =   {},
   volume =    {},
   url =       {http://topepo.github.io/caret/index.html}
}

@book{Borcard2018,
   title =     {Numerical Ecology with R},
   author =    {Daniel Borcard, François Gillet, Pierre Legendre},
   publisher = {Springer},
   isbn =      {978-3-319-71404-2},
   year =      {2018},
   series =    {},
   edition =   {2nd},
   volume =    {},
   url =       {}
}

@article{Gower2018,
   title =     {Metric and Euclidean properties of dissimilarity coefficients},
   author =    {Gower, J. C., Legendre, P.},
   publisher = {Journal of Classification},
   isbn =      {10.1007/BF01896809},
   year =      {1986},
   series =    {},
   edition =   {2nd},
   volume =    {3},
   url =       {https://doi.org/10.1007/BF01896809}
}

@article{albuquerque2016comparaccao,
  title={Compara{\c{c}}{\~a}o entre coeficientes similaridade um aplica{\c{c}}{\~a}o em ci{\^e}ncias florestais},
  author={Albuquerque, Macio Augusto and Silva, Edwirde Luiz and Barros, Kleber Napoleao N Oliveira and Junior, Silvio Fernando Alves Xavier},
  journal={Matem{\'a}tica e Estat{\'\i}stica em Foco},
  volume={4},
  number={2},
  pages={102--114},
  year={2016}
}

@article{valentin1995agrupamento,
  title={Agrupamento e ordena{\c{c}}{\~a}o},
  author={Valentin, Jean Louis},
  journal={Oecologia brasiliensis},
  volume={2},
  number={1},
  pages={2},
  year={1995},
  publisher={Universidade Federal do Estado do Rio de Janeiro (UNIRIO)}
}

@book{daSilva2015,
   title =     {Métodos de Análise Multivariada em R},
   author =    {da Silva, A.R.},
   publisher = {FEALQ},
   isbn =      {978-85-7133-083-2},
   year =      {2015},
   series =    {},
   edition =   {},
   volume =    {},
   url =       {}
}
@book{Kassambaracluster2017,
   title =     {Practical Guide to Cluster Analysis in R. Unsupervised Machine Learning},
   author =    {Alboukadel Kassambara},
   publisher = {STHDA},
   isbn =      {},
   year =      {2017},
   series =    {Multivariate Analysis 1},
   edition =   {},
   volume =    {},
   url =       {http://gen.lib.rus.ec/book/index.php?md5=7cbe43de8c4f13acdc7601338128bc36}
}

@article{de2002multivariate,
  title={Multivariate regression trees: a new technique for modeling species--environment relationships},
  author={De'Ath, Glenn},
  journal={Ecology},
  volume={83},
  number={4},
  pages={1105--1117},
  year={2002},
  publisher={Wiley Online Library}
}

@incollection{TERBRAAK1988271,
	title = {A Theory of Gradient Analysis},
	editor = {M. Begon and A.H. Fitter and E.D. Ford and A. Macfadyen},
	series = {Advances in Ecological Research},
	publisher = {Academic Press},
	volume = {18},
	pages = {271 - 317},
	year = {1988},
	issn = {0065-2504},
	doi = {https://doi.org/10.1016/S0065-2504(08)60183-X},
	url = {http://www.sciencedirect.com/science/article/pii/S006525040860183X},
	author = {Cajo J.F. {Ter Braak} and I. Colin Prentice},
	abstract = {Publisher Summary
	The theory of gradient analysis is presented in this chapter, in which the heuristic techniques are integrated with regression, calibration, ordination and constrained ordination as 	distinct, well-defined statistical problems. The various techniques used for each type of problem are classified into families according to their implicit response model and the 		method used to estimate parameters of the model. Three such families are considered. First, the family of standard statistical techniques based on the linear response model is dealt 	with, because they are conceptually the simplest and provide a basis for what follows, even though their ecological application is restricted. Second, a family of somewhat more 		complex statistical techniques are outlined which are formal extensions of the standard linear techniques and incorporate unimodal (Gaussian-like) response models explicitly. 		Finally, the family of heuristic techniques is considered based on weighted averaging. These are not more complex than the standard linear techniques, but implicitly fit a simple 		unimodal response model rather than a linear one. Ordination diagrams and their interpretation on bi plots and joint plots are also given in the chapter. This chapter has discussed 		which response model to choose from direct and indirect gradient analysis, and then in direct system, which one to choose from regression and constrained ordination.}
}


@book{jongman_braak_tongeren_1995, 
	place={Cambridge}, 
	title={Data Analysis in Community and Landscape Ecology}, 
	DOI={10.1017/CBO9780511525575}, 
	publisher={Cambridge University Press}, 
	author={Jongman, R. H. G. and Braak, C. J. F. Ter and Tongeren, O. F. R. van}, 
	year={1995}
}

@article{jolliffe2003principal,
  title={Principal component analysis},
  author={Jolliffe, IT},
  journal={Technometrics},
  volume={45},
  number={3},
  pages={276},
  year={2003},
  publisher={American Society for Quality}
}

@book{gotelli2004primer,
  title={A primer of ecological statistics},
  author={Gotelli, Nicholas J and Ellison, Aaron M and others},
  volume={1},
  year={2004},
  publisher={Sinauer Associates Sunderland}
}

@book{kassambara2017practical,
  title={Practical guide to principal component methods in R: PCA, M (CA), FAMD, MFA, HCPC, factoextra},
  author={Kassambara, Alboukadel},
  volume={2},
  year={2017},
  publisher={Sthda}
}

@article{AlmorzaGarcía2008,
author = { David   Almorza  and  M.   Hortensia García },
title = {Results of exploratory data analysis in the broken stick model},
journal = {Journal of Applied Statistics},
volume = {35},
number = {9},
pages = {979-983},
year  = {2008},
publisher = {Taylor & Francis},
doi = {10.1080/02664760802187536},
URL = {https://doi.org/10.1080/02664760802187536},
eprint = {https://doi.org/10.1080/02664760802187536}
}

@article{smart1976statistical,
  title={Statistical tests of the broken-stick model of species-abundance relations},
  author={Smart, JS},
  journal={Journal of theoretical biology},
  volume={59},
  number={1},
  pages={127--139},
  year={1976},
  publisher={Elsevier}
}

@Book{MeirelesandSilva2018,
  title = {Usando R: Um Guia para Cientistas Políticos},
  author = {Fernando Meireles and Denisson Silva},
  publisher = {bookdown},
  year = {2018},
  url = {http://electionsbr.com/livro/index.html},
}

